@article{zhu2014computational,
  title={Computational aspects of stochastic collocation with multifidelity models},
  author={Zhu, Xueyu and Narayan, Akil and Xiu, Dongbin},
  journal={SIAM/ASA Journal on Uncertainty Quantification},
  volume={2},
  number={1},
  pages={444--463},
  year={2014},
  publisher={SIAM}
}


@article{lu2019bifidelity,
  title={Bifidelity data-assisted neural networks in nonintrusive reduced-order modeling},
  author={Lu, Chuan and Zhu, Xueyu},
  journal={arXiv preprint arXiv:1902.00148},
  year={2019}
}


@article{hesthaven2018non,
  title={Non-intrusive reduced order modeling of nonlinear problems using neural networks},
  author={Hesthaven, Jan S and Ubbiali, Stefano},
  journal={Journal of Computational Physics},
  volume={363},
  pages={55--78},
  year={2018},
  publisher={Elsevier}
}
